
@ONLINE{firebase,
  title = {Firebase Cloud Messaging {@ONLINE}},
  url = {https://firebase.google.com/docs/cloud-messaging},
  year = {2020}
}

@ONLINE{timeseries,
  author = {Jason Brownlee},
  title = {What Is Time Series Forecasting? {@ONLINE}},
  month = AUG,
  year = {2019},
  url = {https://machinelearningmastery.com/time-series-forecasting/}
}

@ONLINE{tempdatamining,
  author = {Yun Yang},
  title = {Temporal Data Mining {@ONLINE}},
  year = {2017},
  url = {https://www.sciencedirect.com/topics/computer-science/temporal-data-mining}
}

@ONLINE{siren,
  title = {Siren: a hypermedia specification for representing entities {@ONLINE}},
  url = {https://github.com/kevinswiber/siren},
  year = {2020}
}

@ONLINE{heroku,
  title = {Heroku {@ONLINE}},
  url = {https://www.heroku.com},
  year = {2021}
}

@ONLINE{forecasting,
	author = {Rob J Hyndman and George Athanasopoulos},
	title = {Forecasting: Principles and Practice {@ONLINE}},
	url = {https://otexts.com/fpp2/},
  year = {2016}
}

@BOOK{operationsresearch,
	author = "Frederick S. Hillier / Gerald J. Lieberman", 
	title = "Introduction To
Operations Research",
	publisher = "McGraw-Hill",
	year = 2001
}

@phdthesis{movingaverageprocesses,
	author = "C. E. M. Pearce", 
	title = "Moving Average Processes in Queueing Theory",
	year = 1965,
	school = "The Australian National University Canberra"
}

@manual{filasdeespera,
	title = "Filas de espera",
	year = 1998,
	author = "José Fernando Oliveira - FEUP",
}

@ONLINE{spring,
  title = {Spring Boot {@ONLINE}},
  url = {https://spring.io/projects/spring-boot},
  year = {2020}
}

@ONLINE{springmvc,
  title = {Spring MVC {@ONLINE}},
  url = {https://docs.spring.io/spring-framework/docs/3.2.x/spring-framework-reference/html/mvc.html},
  year = {2020}
}

@ONLINE{flutter,
  title = {Flutter {@ONLINE}},
  url = {https://flutter.dev},
  year = {2020}
}

@ONLINE{nodejs,
  title = {Node.JS {@ONLINE}},
  url = {https://nodejs.org/en/},
  year = {2020}
}

@ONLINE{mvvm,
  title = {The Model-View-ViewModel Pattern {@ONLINE}},
  url = {https://docs.microsoft.com/en-us/xamarin/xamarin-forms/enterprise-application-patterns/mvvm},
  month = JUL,
  year = {2017}
}

@ONLINE{androidrecomm,
  title = {Guide to app architecture | Android Developers {@ONLINE}},
  url = {https://developer.android.com/jetpack/guide},
  year = {2020}
}

@ONLINE{wlm,
  title= {Waiting Line Management: Costs Function and Service Level {@ONLINE}},
  url = {https://www.shmula.com/waiting-line-management/7217/},
  month = NOV,
  year = {2010}
}

@ONLINE{teoriadasfilas,
  title = {Teoria das filas {@ONLINE}},
  url = {https://pt.wikipedia.org/wiki/Teoria_das_filas},
  month = MAR,
  year = {2018}
}

@ONLINE{poissondistribuition,
  author = {Robert Kissell e Jim Poserina},
  title = {Poisson Distribution in Optimal Sports Math, Statistics, and Fantasy {@ONLINE}},
  url = {https://www.sciencedirect.com/topics/mathematics/poisson-distribution},
  year = {2017}
}

@ONLINE{publishsubscribe,
  title = {Publisher-Subscriber pattern {@ONLINE}},
  url = {https://docs.microsoft.com/en-us/azure/architecture/patterns/publisher-subscriber},
  year = {2018}
}

@ONLINE{observerpattern,
  title = {Observer Design Pattern {@ONLINE}},
  url = {https://docs.microsoft.com/en-us/dotnet/standard/events/observer-design-pattern},
  year = {2017}
}

@ONLINE{mvc,
  title = {Model View Controller {@ONLINE}},
  url = {https://martinfowler.com/eaaDev/uiArchs.html#ModelViewController},
  year = {2006}
}

@ONLINE{jdbc,
  title = {Data access with JDBC {@ONLINE}},
  url = {https://docs.spring.io/spring-framework/docs/4.0.x/spring-framework-reference/html/jdbc.html},
  year = {2014}
}

@ONLINE{rgpd,
  title = {Proteção de dados pessoais {@ONLINE}},
  url = {https://eur-lex.europa.eu/legal-content/PT/TXT/HTML/?uri=LEGISSUM:310401_2},
  year = {2020}
}